@book{ulpDef,
  author = {Jean-Michel Muller},
  title  = {On the definition of ulp (x)},
  url    = {ftp://ftp.inria.fr/INRIA/publication/publi-pdf/RR/RR-5504.pdf},
}

@article{GERgpuDS,
  author = {Lefohn, Kniss, Strzodka, Sengupta, Owens},
  title = {Glift: Generic, Efficient, Random-Access GPU Data Structures},
  journal = {ACM Transactions on Graphics},
  year = {2006},
  month = {Jan},
  pages = {60-99},
}
